@article{abadie2005semiparametric,
  title={Semiparametric difference-in-differences estimators},
  author={Abadie, Alberto},
  journal={The Review of Economic Studies},
  volume={72},
  number={1},
  pages={1--19},
  year={2005},
  publisher={Wiley-Blackwell}
}

@article{prince2017impact,
  title={The impact of mergers on quality provision: Evidence from the airline industry},
  author={Prince, Jeffrey T and Simon, Daniel H},
  journal={The Journal of Industrial Economics},
  volume={65},
  number={2},
  pages={336--362},
  year={2017},
  publisher={Wiley Online Library}
}

@article{sekhon2013package,
  title={Package ‘Matching’},
  author={Sekhon, Jasjeet Singh and Sekhon, Maintainer Jasjeet Singh},
  journal={R manual},
  year={2013}
}

@article{heckman1979sample,
  title={Sample selection bias as a specification error},
  author={Heckman, James J},
  journal={Econometrica: Journal of the econometric society},
  pages={153--161},
  year={1979},
  publisher={JSTOR}
}

@article{daniulaityte2015time,
  title={“Time for dabs”: Analyzing Twitter data on marijuana concentrates across the US},
  author={Daniulaityte, Raminta and Nahhas, Ramzi W and Wijeratne, Sanjaya and Carlson, Robert G and Lamy, Francois R and Martins, Silvia S and Boyer, Edward W and Smith, G Alan and Sheth, Amit},
  journal={Drug and alcohol dependence},
  volume={155},
  pages={307--311},
  year={2015},
  publisher={Elsevier}
}

@article{dragone2019crime,
  title={Crime and the legalization of recreational marijuana},
  author={Dragone, Davide and Prarolo, Giovanni and Vanin, Paolo and Zanella, Giulio},
  journal={Journal of economic behavior \& organization},
  volume={159},
  pages={488--501},
  year={2019},
  publisher={Elsevier}
}

@article{morris2014effect,
  title={The effect of medical marijuana laws on crime: evidence from state panel data, 1990-2006},
  author={Morris, Robert G and TenEyck, Michael and Barnes, James C and Kovandzic, Tomislav V},
  journal={PloS one},
  volume={9},
  number={3},
  pages={e92816},
  year={2014},
  publisher={Public Library of Science San Francisco, USA}
}


 
 
 
% Centers for Disease Control and Prevention, National Center for Health Statistics. Underlying Cause of Death 1999-2020 on CDC WONDER Online Database, released in 2021. Data are from the Multiple Cause of Death Files, 1999-2020, as compiled from data provided by the 57 vital statistics jurisdictions through the Vital Statistics Cooperative Program. Accessed at http://wonder.cdc.gov/ucd-icd10.html on Mar 26, 2022 8:41:32 PM

@techreport{cdcdata ,
author = {CDC WONDER},
year = 2022 ,
title = { Underlying Cause of Death 1999-2020 on CDC WONDER Online Database, released in 2021. },
institution = { Centers for Disease Control and Prevention, National Center for Health Statistics. },
type = {} ,
number = { Data are from the Multiple Cause of Death Files, 1999-2020, as compiled from data provided by the 57 vital statistics jurisdictions through the Vital Statistics Cooperative Program.} ,
note = {Accessed at http://wonder.cdc.gov/ucd-icd10.html on Mar 26, 2022 8:41:32 PM}}
}

%  @misc{carnevale associates, title={Status of state Marijuana Legalization - Carnevale Info Brief}, url={https://www.carnevaleassociates.com/our-work/status-of-state-marijuana-legalization.html}, journal={Carnevale Associates}} 



@article{wen2015effect,
  title={The effect of medical marijuana laws on adolescent and adult use of marijuana, alcohol, and other substances},
  author={Wen, Hefei and Hockenberry, Jason M and Cummings, Janet R},
  journal={Journal of health economics},
  volume={42},
  pages={64--80},
  year={2015},
  publisher={Elsevier}
}


@article{cerda2012medical,
  title={Medical marijuana laws in 50 states: investigating the relationship between state legalization of medical marijuana and marijuana use, abuse and dependence},
  author={Cerd{\'a}, Magdalena and Wall, Melanie and Keyes, Katherine M and Galea, Sandro and Hasin, Deborah},
  journal={Drug and alcohol dependence},
  volume={120},
  number={1-3},
  pages={22--27},
  year={2012},
  publisher={Elsevier}
}

@article{martins2016state,
  title={State-level medical marijuana laws, marijuana use and perceived availability of marijuana among the general US population},
  author={Martins, Silvia S and Mauro, Christine M and Santaella-Tenorio, Julian and Kim, June H and Cerda, Magdalena and Keyes, Katherine M and Hasin, Deborah S and Galea, Sandro and Wall, Melanie},
  journal={Drug and alcohol dependence},
  volume={169},
  pages={26--32},
  year={2016},
  publisher={Elsevier}
}

@article{morris2014effect,
  title={The effect of medical marijuana laws on crime: evidence from state panel data, 1990-2006},
  author={Morris, Robert G and TenEyck, Michael and Barnes, James C and Kovandzic, Tomislav V},
  journal={PloS one},
  volume={9},
  number={3},
  pages={e92816},
  year={2014},
  publisher={Public Library of Science San Francisco, USA}
}

@article{mikos2009limits,
  title={On the limits of supremacy: Medical marijuana and the states' overlooked power to legalize federal crime},
  author={Mikos, Robert A},
  journal={Vand. L. Rev.},
  volume={62},
  pages={1421},
  year={2009},
  publisher={HeinOnline}
}

@article{gavrilova2019legal,
  title={Is legal pot crippling Mexican drug trafficking organisations? The effect of medical marijuana laws on US crime},
  author={Gavrilova, Evelina and Kamada, Takuma and Zoutman, Floris},
  journal={The Economic Journal},
  volume={129},
  number={617},
  pages={375--407},
  year={2019},
  publisher={Oxford University Press}
}

@article{maier2017implications,
  title={The implications of marijuana decriminalization and legalization on crime in the United States},
  author={Maier, Shana L and Mannes, Suzanne and Koppenhofer, Emily L},
  journal={Contemporary Drug Problems},
  volume={44},
  number={2},
  pages={125--146},
  year={2017},
  publisher={SAGE Publications Sage CA: Los Angeles, CA}
}

@article{dragone2019crime,
  title={Crime and the legalization of recreational marijuana},
  author={Dragone, Davide and Prarolo, Giovanni and Vanin, Paolo and Zanella, Giulio},
  journal={Journal of economic behavior \& organization},
  volume={159},
  pages={488--501},
  year={2019},
  publisher={Elsevier}
}


@article{williams2016older,
  title={Older, less regulated medical marijuana programs have much greater enrollment rates than newer ‘medicalized’programs},
  author={Williams, Arthur Robin and Olfson, Mark and Kim, June H and Martins, Silvia S and Kleber, Herbert D},
  journal={Health Affairs},
  volume={35},
  number={3},
  pages={480--488},
  year={2016}
}

@MISC{National_Institute_on_Drug_Abuse2019-wl,
  title        = "2019 Monitoring the Future survey raises worries about teen
                  marijuana vaping",
  booktitle    = "National Institute on Drug Abuse",
  author       = "{National Institute on Drug Abuse}",
  abstract     = "For the second year in a row, rapid rises in vaping among
                  adolescents are the top story from the Monitoring the Future
                  survey of drug use and attitudes among the country's 8th,
                  10th, and 12th graders.",
  month        =  dec,
  year         =  2019,
  howpublished = "\url{https://nida.nih.gov/about-nida/noras-blog/2019/12/2019-monitoring-future-survey-raises-worries-about-teen-marijuana-vaping}",
  note         = "Accessed: 2022-4-9",
  language     = "en"
}

@article{pearson2018personality,
  title={Personality, marijuana norms, and marijuana outcomes among college students},
  author={Pearson, Matthew R and Hustad, John TP and Neighbors, Clayton and Conner, Bradley T and Bravo, Adrian J and Marijuana Outcomes Study Team and others},
  journal={Addictive Behaviors},
  volume={76},
  pages={291--297},
  year={2018},
  publisher={Elsevier}
}

@article{schulenberg2021monitoring,
  title={Monitoring the Future National Survey Results on Drug Use, 1975-2020. Volume II, College Students \& Adults Ages 19-60.},
  author={Schulenberg, John E and Patrick, Megan E and Johnston, Lloyd D and O'Malley, Patrick M and Bachman, Jerald G and Miech, Richard A},
  journal={Institute for Social Research},
  year={2021},
  publisher={ERIC}
}

@article{koval2019perceived,
  title={Perceived prevalence of peer marijuana use: changes among college students before and after Oregon recreational marijuana legalization},
  author={Koval, Andrew L and Kerr, David CR and Bae, Harold},
  journal={The American Journal of Drug and Alcohol Abuse},
  volume={45},
  number={4},
  pages={392--399},
  year={2019},
  publisher={Taylor \& Francis}
}

@article{marie2017high,
  title={“High” achievers? Cannabis access and academic performance},
  author={Marie, Olivier and Z{\"o}litz, Ulf},
  journal={The Review of Economic Studies},
  volume={84},
  number={3},
  pages={1210--1237},
  year={2017},
  publisher={Oxford University Press}
}

@article{arria2015academic,
  title={The academic consequences of marijuana use during college.},
  author={Arria, Amelia M and Caldeira, Kimberly M and Bugbee, Brittany A and Vincent, Kathryn B and O'Grady, Kevin E},
  journal={Psychology of Addictive Behaviors},
  volume={29},
  number={3},
  pages={564},
  year={2015},
  publisher={American Psychological Association}
}

@article{suerken2016marijuana,
  title={Marijuana use trajectories and academic outcomes among college students},
  author={Suerken, Cynthia K and Reboussin, Beth A and Egan, Kathleen L and Sutfin, Erin L and Wagoner, Kimberly G and Spangler, John and Wolfson, Mark},
  journal={Drug and alcohol dependence},
  volume={162},
  pages={137--145},
  year={2016},
  publisher={Elsevier}
}

@article{cerda2017association,
  title={Association of state recreational marijuana laws with adolescent marijuana use},
  author={Cerd{\'a}, Magdalena and Wall, Melanie and Feng, Tianshu and Keyes, Katherine M and Sarvet, Aaron and Schulenberg, John and O’malley, Patrick M and Pacula, Rosalie Liccardo and Galea, Sandro and Hasin, Deborah S},
  journal={JAMA pediatrics},
  volume={171},
  number={2},
  pages={142--149},
  year={2017},
  publisher={American Medical Association}
}

@article{bae2020marijuana,
  title={Marijuana use trends among college students in states with and without legalization of recreational use: Initial and longer-term changes from 2008 to 2018},
  author={Bae, Harold and Kerr, David CR},
  journal={Addiction},
  volume={115},
  number={6},
  pages={1115--1124},
  year={2020},
  publisher={Wiley Online Library}
}

 @misc{mpp, title={State policy}, url={https://www.mpp.org/states/}, author={MPP}, year=2022} 
 
 
%  @misc{carnevaleassociates,
%  title={Status of state Marijuana Legalization - Carnevale Info Brief}, url={"https://www.carnevaleassociates.com/our-work/status-of-state-marijuana-legalization.html"}, 
%  journal={Carnevale Associates},
%  year=2022
%  } 
 
 @misc{kinaSUR,
    author = "{Carnevale Associates}",
    year=2022,
    title = {{Status of state Marijuana Legalization - Carnevale Info Brief}},
    howpublished = "\url{https://www.carnevaleassociates.com/our-work/status-of-state-marijuana-legalization.html}",
    note = {Online; accessed  March 20, 2022} 
    
}

@article{kim2020retail,
  title={Retail marijuana deregulation and housing prices},
  author={Kim, Donggeun and O'Connor, Sean and Norwood, Brent},
  journal={Available at SSRN 3537860},
  year={2020}
}

@misc{ipeds,
  title={enrollment by race/ethnicity, gender, attendance status, and level of student: Fall},
  author={U.S. Department of Education, National Center for Education Statistics, Integrated Postsecondary Education Data System (IPEDS)},
  howpublished="\url{https://nces.ed.gov/ipeds/datacenter/DataFiles.aspx?gotoReportId=7&fromIpeds=true}",
  year = February,2022,
   note = {Accessed: 2022}
}

@article{hillman2013community,
  title={Community colleges and labor market conditions: How does enrollment demand change relative to local unemployment rates?},
  author={Hillman, Nicholas W and Orians, Erica Lee},
  journal={Research in Higher Education},
  volume={54},
  number={7},
  pages={765--780},
  year={2013},
  publisher={Springer}
}



  @misc{smartscholarship, 
  title={Eligibility and STEM Disciplines},
  author={SMART}, 
  howpublished="\url{https://www.smartscholarship.org/smart?id=kb_article&sys_id=33b85cb7db754300b67330ca7c961911}", 
  year = 2022 ,
  note = {Accessed: 2022}
  }
  
  @techreport{mathur2022marijuana,
  title={Marijuana Legalization and Opioid Deaths},
  author={Mathur, Neil K and Ruhm, Christopher J},
  year={2022},
  institution={National Bureau of Economic Research}
}

@article{ishida2019substitution,
  title={Substitution of marijuana for opioids in a national survey of US adults},
  author={Ishida, Julie H and Wong, Peggy O and Cohen, Beth E and Vali, Marzieh and Steigerwald, Stacey and Keyhani, Salomeh},
  journal={PLoS One},
  volume={14},
  number={10},
  pages={e0222577},
  year={2019},
  publisher={Public Library of Science San Francisco, CA USA}
}